@manual{Anleitung,
author = {TU Dortmund},
title = {Versuch 102: Drehschwingungen},
url={http://129.217.224.2/HOMEPAGE/PHYSIKER/BACHELOR/AP/SKRIPT/V102.pdf},
urldate={2017-01-12},
year = 2016
}
@manual{KÃ¶lnerStahlbau,
author = {TU Dortmund},
title = {Versuch 102: Drehschwingungen},
url={http://129.217.224.2/HOMEPAGE/PHYSIKER/BACHELOR/AP/SKRIPT/V102.pdf},
urldate={2017-01-12},
year = 2016
}
