@manual{Anleitung,
author = {TU Dortmund},
title = {US2, Scanverfahren in der Ultraschalltechnik},
url={http://129.217.224.2/HOMEPAGE/PHYSIKER/BACHELOR/AP/SKRIPT/RoentgenAbs.pdf},
urldate={2017-05-28},
year = 2016
}
@online{bla,
author = {Universität Siegen},
title = {Flächenträgheitsmomente einiger Querschnitte},
	urldate={2017-01-18},
	url={http://www.bau.uni-siegen.de/subdomains/bauinformatik/lehre/tm2/arbeitsblaetter/arbeitsblatt_08_flaechentraegheitsmomente_bsp.pdf},
}
@online{UniG,
author = {Georg-August-Universität Göttingen},
title = {Röntgenstrahlung},
	urldate={2017-05-25},
	url={https://lp.uni-goettingen.de/get/text/4385#sec5},
}
@online{lit,
author = {Biomolecular Structure Center, University of Washington},
title = {X-ray Absorption Edges},
	urldate={2017-05-28},
	url={http://skuld.bmsc.washington.edu/scatter/AS_periodic.html},
}
@online{schall,
author = {Olympus Cooperation},
title = {Material Sound Velocities},
	urldate={2017-06-14},
	url={http://www.olympus-ims.com/de/ndt-tutorials/thickness-gage/appendices-velocities/},
}
@online{schall2,
author = {Quantronic},
title = {Dichte, Schallgeschwindigkeit transversal und longitudinal, akust.Impedanz},
	urldate={2017-06-17},
	url={http://www.flowanalytic.com/schall.pdf},
}

@manual{V102,
	author = {TU Dortmund},
	title = {Versuch 102: Drehschwingungen},
	year = 2016
}
@book{Hans,
  author={Horst Czichos and Manfred Hennecke},
title={Das Ingenieurwissen},
publisher={Springer-Verlag},
year={2007},
address = {Akademischer Verein Hütte e.V., Berlin},
edition = {33}
}
@online{c,
title = {CODATA value: speed of light in vacuum},
work={The NIST reference on Constants, Units, and Uncertainty},
publisher={National Institute of Standards and Technology|NIST},
urldate={2017-05-21},
url={http://physics.nist.gov/cgi-bin/cuu/Value?c},
}
@online{h,
title = {CODATA value: Planck constant},
work={The NIST reference on Constants, Units, and Uncertainty},
publisher={National Institute of Standards and Technology|NIST},
urldate={2017-05-21},
url={http://physics.nist.gov/cgi-bin/cuu/Value?h},
}
@online{e,
title = {CODATA value: elementary charge},
work={The NIST reference on Constants, Units, and Uncertainty},
publisher={National Institute of Standards and Technology|NIST},
urldate={2017-05-15},
url={http://physics.nist.gov/cgi-bin/cuu/Value?e},
}
@book{bronstein,
  author={I.N. Bronstein and K.A. Semendjaew},
title={Springer-Handbuch der Mathematik I},
publisher={E. Zeidler},
year={2013},
edition = {1}
}
