@manual{Anleitung,
author = {TU Dortmund},
title = {Versuch 106: Gekoppelte Pendel},
url={http://129.217.224.2/HOMEPAGE/PHYSIKER/BACHELOR/AP/SKRIPT/V106.pdf},
urldate={2017-01-31},
year = 2016
}
@online{bla,
author = {Universität Siegen},
title = {Flächenträgheitsmomente einiger Querschnitte},
	urldate={2017-01-18},
	url={http://www.bau.uni-siegen.de/subdomains/bauinformatik/lehre/tm2/arbeitsblaetter/arbeitsblatt_08_flaechentraegheitsmomente_bsp.pdf},
}
@online{Werkzeugkiste,
author = {The Engineering Toolbox},
title = {Metals and Alloys - Densities},
	urldate={2017-01-18},
	url={http://www.engineeringtoolbox.com/metal-alloys-densities-d_50.html},
}
@online{G,
author = {Physikalisch-Technische Bundesanstalt (PTB)},
title = {Gravity Information System of PTB},
	urldate={2017-01-20},
	url={http://www.ptb.de/cartoweb3/SISproject.php},
}
@manual{V102,
	author = {TU Dortmund},
	title = {Versuch 102: Drehschwingungen},
	year = 2016
}
@book{demtröder,
  author={Demtröder, Wolfgang},
title={Experimentalphysik 1},
publisher={Springer-Verlag},
year={2014},
address = {Berlin Heidelberg},
edition = {7}
}
