@manual{sample,
  author = {TU Dortmund},
  title = {Versuch V27 Der Zeeman-Effekt},
  urldate = {2018-04-17},
  url = "http://129.217.224.2/HOMEPAGE/PHYSIKER/BACHELOR/FP/SKRIPT/V27.pdf",

}
@software{gimp,
  author = "Natterer, Michael and Neumann, Sven and others",
  title = "{GIMP}: GNU IMAGE MANIPULATION PROGRAM",
  url = "http://www.gimp.org/",
  version = "2.8.22",
}

@online{BohrMagneton,
  author={Codata},
  titel={Bohr magneton},
  urldate={2018-04-19},
  url="https://physics.nist.gov/cgi-bin/cuu/Value?mub",
  }

@online{Lichtgeschw,
  author={Codata},
  titel={speed of light in vacuum},
  urldate={2018-04-19},
  url="https://physics.nist.gov/cgi-bin/cuu/Value?c",
  }

@online{PlanckKonst,
  author={Codata},
  titel={Planck constant},
  urldate={2018-04-19},
  url="https://physics.nist.gov/cgi-bin/cuu/Value?h",
  }

@online{zeemann,
author={Zeemann, Pieter},
urldate={2018-04-22},
url="http://archive.org/stream/verhandlungende24berlgoog#page/n254/mode/2up"
}
