@manual{Anleitung,
author = {TU Dortmund},
title = {Versuch 500: Der Photoeffekt},
url={http://129.217.224.2/HOMEPAGE/PHYSIKER/BACHELOR/AP/SKRIPT/V500.pdf},
urldate={2017-05-02},
year = 2017
}
@online{bla,
author = {Universit채t Siegen},
title = {Fl채chentr채gheitsmomente einiger Querschnitte},
	urldate={2017-01-18},
	url={http://www.bau.uni-siegen.de/subdomains/bauinformatik/lehre/tm2/arbeitsblaetter/arbeitsblatt_08_flaechentraegheitsmomente_bsp.pdf},
}
@online{c,
title = {CODATA value: Speed of Light in Vacuum},
work={The NIST reference on Constants, Units, and Uncertainty},
publisher={National Institute of Standards and Technology|NIST},
urldate={2017-05-06},
url={http://physics.nist.gov/cgi-bin/cuu/Value?c},
}

@online{G,
author = {Physikalisch-Technische Bundesanstalt (PTB)},
title = {Gravity Information System of PTB},
	urldate={2017-01-20},
	url={http://www.ptb.de/cartoweb3/SISproject.php},
}
@manual{V102,
	author = {TU Dortmund},
	title = {Versuch 102: Drehschwingungen},
	year = 2016
}
@book{Hans,
  author={Horst Czichos and Manfred Hennecke},
title={Das Ingenieurwissen},
publisher={Springer-Verlag},
year={2007},
address = {Akademischer Verein H체tte e.V., Berlin},
edition = {33}
}
