@manual{Anleitung,
	author = {TU Dortmund},
	title = {Versuch 356: Kettenschaltungen mit LC-Gliedern},
	url={http://129.217.224.2/HOMEPAGE/PHYSIKER/BACHELOR/AP/SKRIPT/V356.pdf},
	urldate={2017-01-05},
	year = 2016
}
