@manual{Anleitung,
  author = {TU Dortmund},
  title = {Versuch 206: Die WÃ¤rmepumpe},
  year = 2016
}
