@manual{Anleitung,
	author = {TU Dortmund},
	title = {Versuch 354: Ged√§mpfte und erzwungene Schwingungen},
	url={http://129.217.224.2/HOMEPAGE/PHYSIKER/BACHELOR/AP/SKRIPT/V354.pdf},
	urldate={2016-12-16},
	year = 2016
}

@book{noltingbro,
	author = {Wolfgang Nolting},
	title = {Grundkurs Theoretische Physik 3},
	publisher = {Springer},
	year = {2013},
	address = {Berlin, Deutschland},
	edition = {10}
}
