@manual{Anleitung,
  author = {TU Dortmund},
  title = {Versuch 302: Leerlaufspannung und Innenwiderstand von Spannungsquellen},
  url={http://129.217.224.2/HOMEPAGE/PHYSIKER/BACHELOR/AP/SKRIPT/V301.pdf},
  urldate={2016-11-29},
  year = 2016
}

@book{demi,
	author = {Wolfgang Demtr√∂der},
	title = {Experimentalphysik 2},
	publisher = {Springer-Verlag},
	address = {Kaiserslautern}
}
