@manual{Anleitung,
author = {TU Dortmund},
title = {Versuch 103: Biegung elastischer Stäbe},
url={http://129.217.224.2/HOMEPAGE/PHYSIKER/BACHELOR/AP/SKRIPT/V103.pdf},
urldate={2017-01-18},
year = 2016
}
@online{bla,
author = {Universität Siegen},
title = {Flächenträgheitsmomente einiger Querschnitte},
	urldate={2017-01-18},
	url={http://www.bau.uni-siegen.de/subdomains/bauinformatik/lehre/tm2/arbeitsblaetter/arbeitsblatt_08_flaechentraegheitsmomente_bsp.pdf},
}
@online{Werkzeugkiste,
author = {The Engineering Toolbox},
title = {Metals and Alloys - Densities},
	urldate={2017-01-18},
	url={http://www.engineeringtoolbox.com/metal-alloys-densities-d_50.html},
}
@online{G,
author = {Physikalisch-Technische Bundesanstalt (PTB)},
title = {Gravity Information System of PTB},
	urldate={2017-01-20},
	url={http://www.ptb.de/cartoweb3/SISproject.php},
}
@manual{V102,
	author = {TU Dortmund},
	title = {Versuch 102: Drehschwingungen},
	year = 2016
}
@book{Hans,
  author={Horst Czichos and Manfred Hennecke},
title={Das Ingenieurwissen},
publisher={Springer-Verlag},
year={2007},
address = {Akademischer Verein Hütte e.V., Berlin},
edition = {33}
}
@online{c,
title = {CODATA value: speed of light in vacuum},
work={The NIST reference on Constants, Units, and Uncertainty},
publisher={National Institute of Standards and Technology|NIST},
urldate={2017-05-21},
url={http://physics.nist.gov/cgi-bin/cuu/Value?c},
}
@online{m,
title = {CODATA value: Planck constant},
work={The NIST reference on Constants, Units, and Uncertainty},
publisher={National Institute of Standards and Technology|NIST},
urldate={2017-05-21},
url={http://physics.nist.gov/cgi-bin/cuu/Value?h},
}
@online{e,
title = {CODATA value: elementary charge},
work={The NIST reference on Constants, Units, and Uncertainty},
publisher={National Institute of Standards and Technology|NIST},
urldate={2017-05-15},
url={http://physics.nist.gov/cgi-bin/cuu/Value?e},
}
