@manual{Anleitung,
  author = {TU Dortmund},
  title = {Versuch 206: Die WÃ¤rmepumpe},
  year = 2016
}
@book{geschke,
	author = "Dieter Geschke",
	title = "Physikalisches Praktikum",
	publisher = "B.G. Teubner GmbH",
	edition = "12. Auflage"
}
	
