@manual{Anleitung,
  author = {TU Dortmund},
  title = {Versuch 302: Elektrische Br체ckenschaltungen},
  year = {2016}
}
@online{messger채t,
  author = {Institut f체r Medizinische Physik und Biophysik der Universit채t Leipzig},
  title = {Fehlerrechnung},
  date = {2016-11-18},
  url = {http://www.uni-leipzig.de/~biophys/lehre/fol_vl_arnold/fehlerrechnung.pdf},
}
