@manual{Anleitung,
author = {TU Dortmund},
title = {Versuch 21, Optisches Pumpen},
url={http://129.217.224.2/HOMEPAGE/PHYSIKER/BACHELOR/FP/SKRIPT/V21n_TeachSpin_new.pdf},
urldate={2018-04-19},
year = 2016
}
@book{demtröder,
  title={Experimentalphysik 3: Atome, Moleküle und Festkörper},
  author={Demtröder, W.},
  isbn={9783540214731},
  series={Experimentalphysik / Wolfgang Demtröder},
  year={2005},
  publisher={Springer}
}
@online{bla,
author = {Universität Siegen},
title = {Flächenträgheitsmomente einiger Querschnitte},
	urldate={2017-01-18},
	url={http://www.bau.uni-siegen.de/subdomains/bauinformatik/lehre/tm2/arbeitsblaetter/arbeitsblatt_08_flaechentraegheitsmomente_bsp.pdf},
}
@online{UniG,
author = {Georg-August-Universität Göttingen},
title = {Röntgenstrahlung},
	urldate={2017-05-25},
	url={https://lp.uni-goettingen.de/get/text/4385#sec5},
}
@online{lit,
author = {Biomolecular Structure Center, University of Washington},
title = {X-ray Absorption Edges},
	urldate={2017-05-28},
	url={http://skuld.bmsc.washington.edu/scatter/AS_periodic.html},
}
@manual{V102,
	author = {TU Dortmund},
	title = {Versuch 102: Drehschwingungen},
	year = 2016
}
@book{Hans,
  author={Horst Czichos and Manfred Hennecke},
title={Das Ingenieurwissen},
publisher={Springer-Verlag},
year={2007},
address = {Akademischer Verein Hütte e.V., Berlin},
edition = {33}
}
@online{c,
title = {CODATA value: speed of light in vacuum},
work={The NIST reference on Constants, Units, and Uncertainty},
publisher={National Institute of Standards and Technology|NIST},
urldate={2017-05-21},
url={http://physics.nist.gov/cgi-bin/cuu/Value?c},
}
@online{h,
title = {CODATA value: Planck constant},
work={The NIST reference on Constants, Units, and Uncertainty},
publisher={National Institute of Standards and Technology|NIST},
urldate={2017-05-21},
url={http://physics.nist.gov/cgi-bin/cuu/Value?h},
}
@online{e,
title = {CODATA value: elementary charge},
work={The NIST reference on Constants, Units, and Uncertainty},
publisher={National Institute of Standards and Technology|NIST},
urldate={2017-05-15},
url={http://physics.nist.gov/cgi-bin/cuu/Value?e},
}
@online{mu_0,
title = {CODATA value: magnetic constant },
work={The NIST reference on Constants, Units, and Uncertainty},
publisher={National Institute of Standards and Technology|NIST},
urldate={2018-04-18},
url={https://physics.nist.gov/cgi-bin/cuu/Value?mu0},
}
@online{k_b,
title = {CODATA value: Boltzmann constant },
work={The NIST reference on Constants, Units, and Uncertainty},
publisher={National Institute of Standards and Technology|NIST},
urldate={2018-04-24},
url={https://physics.nist.gov/cgi-bin/cuu/Value?k},
}

@software{gimp,
  author = {{The GIMP Development Team}},
  title = {GNU Image Manipulation Program},
  url = {https://www.gimp.org/},
  version = {2.8.21},
  date = {2018-04-20},
}
@online{muenster,
author = {FH Münster-University of Applied Science},
title = {Häufigkeit und Kernspin der Nuklide der Elemente},
	urldate={2018-04-21},
	url={https://www.fh-muenster.de/ciw/downloads/personal/juestel/juestel/Kernspin_und_Haeufigkeit_Nuklide.pdf},
}
@online{dekli,
author = {Helmholtz-Zentrum Potsdam - Deutsches GeoForschungsZentrum GFZ},
  title = {GFZ Potsdam-IGRF-declination calculator},
	urldate={2018-04-21},
	url={http://www-app1.gfz-potsdam.de/cgi-bin/igrf.pl},
}
@online{gf,
author = {Daniel A. Steck, Theoretical Division (T-8), Los Alamos National Laboratory},
  title = {Rubidium 87 D Line Data},
	urldate={2018-04-21},
	url={http://www.steck.us/alkalidata/rubidium87numbers.1.6.pdf},
}
@online{gf2,
author = {Daniel A. Steck, Oregon Center for Optics and Department of Physics, University of Oregon},
  title = {Rubidium 85 D Line Data},
	urldate={2018-04-21},
	url={http://www.steck.us/alkalidata/rubidium87numbers.1.6.pdf},
}
@online{m_0,
title = {CODATA value: electron mass },
work={The NIST reference on Constants, Units, and Uncertainty},
publisher={National Institute of Standards and Technology|NIST},
urldate={2018-04-20},
url={https://physics.nist.gov/cgi-bin/cuu/Value?me|search_for=electron+mass},
}

@online{magneton,
  title = {CODATA value: Bohr magneton},
	publisher={National Institute of Standards and Technology|NIST},
	work={The NIST reference on Constants, Units, and Uncertainty},
	urldate={2018-05-10},
	url="https://physics.nist.gov/cgi-bin/cuu/Value?mub",
	 }

@online{licht,
	publisher={National Institute of Standards and Technology|NIST},
	titel={Lichtgeschwindigkeit im Vakuum},
	work={The NIST reference on Constants, Units, and Uncertainty},
	urldate={2018-05-10},
	url="https://physics.nist.gov/cgi-bin/cuu/Value?c",
	}

@online{planck,
	titel={Plancksches Wirkungsquantum},
	urldate={2018-05-10},
	url="https://physics.nist.gov/cgi-bin/cuu/Value?h",
	}
