@manual{Anleitung,
  author = {TU Dortmund},
  title = {Versuch 103: Biegung elastischer St√§be},
  year = 2016
}

@manual{V102,
	author = {TU Dortmund},
	title = {Versuch 102: Drehschwingungen},
	year = 2016
}
